<record><leader>00000cas a22000007a 4500</leader><controlfield tag="001">1763567</controlfield><controlfield tag="008">751101d18831974mnuwr ne      0    0eng d</controlfield><datafield ind1=" " ind2=" " tag="010"><subfield code="a">sn 90060999 </subfield></datafield><datafield ind1=" " ind2=" " tag="040"><subfield code="a">MUL</subfield><subfield code="b">eng</subfield><subfield code="c">MUL</subfield><subfield code="d">MN#</subfield><subfield code="d">OCLCQ</subfield><subfield code="d">OCLCF</subfield><subfield code="d">OCLCO</subfield></datafield><datafield ind1=" " ind2=" " tag="042"><subfield code="a">msc</subfield></datafield><datafield ind1=" " ind2=" " tag="043"><subfield code="a">n-us-mn</subfield></datafield><datafield ind1=" " ind2=" " tag="052"><subfield code="a">4144</subfield><subfield code="b">R3</subfield></datafield><datafield ind1=" " ind2=" " tag="052"><subfield code="a">4143</subfield><subfield code="b">R3</subfield></datafield><datafield ind1="0" ind2="4" tag="245"><subfield code="a">The Red Lake Falls gazette.</subfield></datafield><datafield ind1=" " ind2=" " tag="260"><subfield code="a">Red Lake Falls, Polk County, Minn. :</subfield><subfield code="b">O.M. Holmes,</subfield><subfield code="c">-1974.</subfield></datafield><datafield ind1=" " ind2=" " tag="300"><subfield code="a">v.</subfield></datafield><datafield ind1=" " ind2=" " tag="310"><subfield code="a">Weekly</subfield></datafield><datafield ind1="1" ind2=" " tag="362"><subfield code="a">Began in 1883.</subfield></datafield><datafield ind1="0" ind2=" " tag="362"><subfield code="a">-v. 92, no. 46 (July 24, 1974).</subfield></datafield><datafield ind1=" " ind2=" " tag="530"><subfield code="a">Available on microfilm from the Minnesota Historical Society.</subfield></datafield><datafield ind1=" " ind2=" " tag="588"><subfield code="a">Description based on: Vol. 4, no. 50 (Aug. 26, 1887).</subfield></datafield><datafield ind1=" " ind2="0" tag="651"><subfield code="a">Red Lake Falls (Minn.)</subfield><subfield code="v">Newspapers.</subfield></datafield><datafield ind1=" " ind2="7" tag="655"><subfield code="a">Newspapers.</subfield><subfield code="2">fast</subfield><subfield code="0">(OCoLC)fst01423814</subfield></datafield><datafield ind1=" " ind2="7" tag="651"><subfield code="a">Minnesota</subfield><subfield code="z">Red Lake Falls.</subfield><subfield code="2">fast</subfield><subfield code="0">(OCoLC)fst01229717</subfield></datafield><datafield ind1=" " ind2=" " tag="752"><subfield code="a">United States</subfield><subfield code="b">Minnesota</subfield><subfield code="c">Red Lake</subfield><subfield code="d">Red Lake Falls.</subfield></datafield><datafield ind1="0" ind2="5" tag="780"><subfield code="t">Red Lake courier</subfield><subfield code="w">(DLC)sn 90060912</subfield></datafield><datafield ind1="0" ind2="5" tag="780"><subfield code="t">Red Lake Falls record</subfield><subfield code="w">(DLC)sn 90060894</subfield></datafield><datafield ind1="0" ind2="0" tag="785"><subfield code="t">Gazette (Red Lake Falls, Minn.)</subfield><subfield code="w">(DLC)sn 90060910</subfield></datafield></record>